@article{Storch2017,
   author = {Marko Storch and Arturo Casini and Ben Mackrow and Tom Ellis and Geoff S. Baldwin},
   doi = {10.1007/978-1-4939-6343-0_6},
   issn = {1940-6029},
   journal = {Methods in molecular biology (Clifton, N.J.)},
   keywords = {Arturo Casini,Bacterial,Base Sequence,Cloning,Escherichia coli / genetics,Geoff S Baldwin,MEDLINE,Marko Storch,Molecular*,NCBI,NIH,NLM,National Center for Biotechnology Information,National Institutes of Health,National Library of Medicine,Polymerase Chain Reaction,PubMed Abstract,Transformation,doi:10.1007/978-1-4939-6343-0_6,pmid:27671933},
   pages = {79-91},
   pmid = {27671933},
   publisher = {Methods Mol Biol},
   title = {BASIC: A Simple and Accurate Modular DNA Assembly Method},
   volume = {1472},
   url = {https://pubmed.ncbi.nlm.nih.gov/27671933/},
   year = {2017},
}
@article{Ellis2011,
   author = {Tom Ellis and Tom Adie and Geoff S. Baldwin},
   doi = {10.1039/C0IB00070A},
   issn = {1757-9708},
   issue = {2},
   journal = {Integrative biology : quantitative biosciences from nano to macro},
   keywords = {Artificial Cells / chemistry*,DNA / chemistry*,Genome*,Geoff S Baldwin,MEDLINE,Metabolic Networks and Pathways,NCBI,NIH,NLM,National Center for Biotechnology Information,National Institutes of Health,National Library of Medicine,Non-U.S. Gov't,PubMed Abstract,Research Support,Review,Synthetic Biology / methods*,Tom Adie,Tom Ellis,doi:10.1039/c0ib00070a,pmid:21246151},
   pages = {109-118},
   pmid = {21246151},
   publisher = {Integr Biol (Camb)},
   title = {DNA assembly for synthetic biology: from parts to pathways and beyond},
   volume = {3},
   url = {https://pubmed.ncbi.nlm.nih.gov/21246151/},
   year = {2011}
}
@article{Casini2015,
   author = {Arturo Casini and Marko Storch and Geoffrey S. Baldwin and Tom Ellis},
   doi = {10.1038/NRM4014},
   issn = {1471-0080},
   issue = {9},
   journal = {Nature reviews. Molecular cell biology},
   keywords = {Arturo Casini,Cloning,Endonucleases / chemistry,Genetic,Genetic Engineering / methods,Genetic Engineering / standards,MEDLINE,Marko Storch,Molecular / methods*,NCBI,NIH,NLM,National Center for Biotechnology Information,National Institutes of Health,National Library of Medicine,Non-U.S. Gov't,PubMed Abstract,Recombination,Reference Standards,Research Support,Review,Synthetic Biology,Tom Ellis,doi:10.1038/nrm4014,pmid:26081612},
   month = {8},
   pages = {568-576},
   pmid = {26081612},
   publisher = {Nat Rev Mol Cell Biol},
   title = {Bricks and blueprints: methods and standards for DNA assembly},
   volume = {16},
   url = {https://pubmed.ncbi.nlm.nih.gov/26081612/},
   year = {2015}
}
@article{Storch2015,
   author = {Marko Storch and Arturo Casini and Ben Mackrow and Toni Fleming and Harry Trewhitt and Tom Ellis and Geoff S. Baldwin},
   doi = {10.1021/SB500356D/SUPPL_FILE/SB500356D_SI_002.PDF},
   issn = {21615063},
   issue = {7},
   journal = {ACS Synthetic Biology},
   month = {7},
   pages = {781-787},
   pmid = {25746445},
   publisher = {American Chemical Society},
   title = {BASIC: A New Biopart Assembly Standard for Idempotent Cloning Provides Accurate, Single-Tier DNA Assembly for Synthetic Biology},
   volume = {4},
   url = {https://pubs.acs.org/doi/full/10.1021/sb500356d},
   year = {2015}
}
